
%Not in lib (not referenced)
@Book{Cormen2001introduction,
  title = {Introduction to Algorithms},
  author = {T. H. Cormen, C. E. Leiserson, R. L. Rivest and C. Stein},
  edition = 2,
  keywords = {},
  publisher = {The MIT Press},
  year = 2001,
  isbn = {0-262-03293-7},
}

@inproceedings{heuer2017improving,
 author    = {T. Heuer and
              S. Schlag},
 title     = {{Improving Coarsening Schemes for Hypergraph Partitioning by Exploiting Community Structure}},
 booktitle = {{16th International Symposium on Experimental Algorithms, (SEA)}},
 pages     = {21:1â€“21:19},
 year      = {2017},
}

@inproceedings{Wichlund98,
  author    = {S. Wichlund and E. Aas},
  title     = {{On Multilevel Circuit Partitioning}},
  booktitle = {Proceedings of the{IEEE/ACM} International Conference on Computer-Aided
               Design ({ICCAD})},
  pages     = {505--511},
  year      = {1998}
}

@inproceedings{lim1997large,
  author    = {Cong, J. and
               Li, H. J. and
               Lim. S. K. and
               Shibuya, T. and
               Xu, D.},
  title     = {{Large Scale Circuit Partitioning With Loose/Stable Net Removal and
               Signal Flow Based Clustering}},
  booktitle = {Proceedings of the {IEEE/ACM} International Conference on Computer-Aided
               Design ({ICCAD})},
  pages     = {441--446},
  year      = {1997}
}

@TECHREPORT{schlag2016k,
  AUTHOR =        {Schlag, S. and Henne, V. and Heuer, T. and Meyerhenke, H. and Sanders, P. and  Schulz, C.},
  TITLE =         {{k-way Hypergraph Partitioning via n-Level Recursive Bisection}},
  NUMBER =        {arXiv:1511.03137},
  INSTITUTION =   {KIT},
  MONTH =         {November},
  YEAR  =         {2015},
  PAGES =         {10},
}

@inproceedings{akhremtsev2017engineering,
 author    = {Y. Akhremtsev and
              T. Heuer and
              P. Sanders and
              S. Schlag},
 title     = {Engineering a direct \emph{k}-way Hypergraph Partitioning Algorithm},
 booktitle = {19th Workshop on Algorithm Engineering and Experiments, (ALENEX)},
 pages     = {28--42},
 year      = {2017},
}

@inproceedings{sanders2012distributed,
        author    = {P. Sanders and C. Schulz},
        title     = {{Distributed Evolutionary Graph Partitioning}},
        booktitle = {12th Workshop on Algorithm Engineering and Experimentation (ALENEX)},
        year      = {2012},
        pages     = {16--29}
}

@phdthesis{back1996evolutionary,
        title = {Evolutionary algorithms in theory and practice : evolution strategies, evolutionary programming, genetic algorithms},
        author = {B\"ack, T.},
        publisher = {Oxford University Press},
        year = {1996},
        ISBN = {0-19-509971-0}
}
% Not in bib (done)
@book{garey2002computers,
  title={Computers and intractability},
  author={M. R. Garey and D. S. Johnson},
  volume={29},
  year={2002},
  publisher={W.H. Freeman, New York}
}
%Not in bib (not cited - graph to hypergraph conversion)
@article{ihler1993modeling,
  title={Modeling hypergraphs by graphs with the same mincut properties},
  author={Ihler, Edmund and Wagner, Dorothea and Wagner, Frank},
  journal={Information Processing Letters},
  volume={45},
  number={4},
  pages={171--175},
  year={1993},
  publisher={Elsevier}
}

@inproceedings{cong1993parallel,
  author    = {Jason Cong and
               M'Lissa Smith},
  title     = {{A Parallel Bottom-Up Clustering Algorithm with Applications to Circuit
               Partitioning in {VLSI} Design}},
  booktitle = {{DAC}},
  pages     = {755--760},
  year      = {1993},
  doi       = {10.1145/157485.165119},
}

@ARTICLE{catalyurek1999hypergraph, 
author={Cataly{\"u}rek, {\"{U}}. V. and Aykanat, C.}, 
journal={IEEE Transactions on Parallel and Distributed Systems}, 
title={{Hypergraph-Partitioning-Based Decomposition for Parallel Sparse-Matrix Vector Multiplication}}, 
year={1999}, 
month={Jul}, 
volume={10}, 
number={7}, 
pages={673-693}, 
ISSN={1045-9219}}

@ARTICLE{karypis1999multilevel, 
author={Karypis, G. and Aggarwal, R. and Kumar, V. and S. Shekhar}, 
journal={{IEEE Transactions on Very Large Scale Integration VLSI Systems}}, 
title={{Multilevel Hypergraph Partitioning: Applications in VLSI Domain}}, 
year={1999}, 
volume={7}, 
number={1}, 
pages={69-79}, 
ISSN={1063-8210}}

%Not in bib (not cited - VLSI analysis)
@inproceedings{boese1992high,
  title={On high-speed VLSI interconnects: Analysis and design},
  author={Boese, Kenneth D and Cong, Jason and Kahng, Andrew B and Leung, Kwok-Shing and Zhou, Dian},
  booktitle={Proc. Asia-Pacific Conf. on Circuits and Systems},
  pages={35--40},
  year={1992}
}

@incollection{bulucc2016recent,
  author    = {A. Bulu\c{c} and H. Meyerhenke and I. Safro and P. Sanders and C. Schulz},
  title     = {{Recent Advances in Graph Partitioning}},
  publisher = {Springer},
  booktitle = {Algorithm Engineering - Selected Results and Surveys},
  pages     = {117--158},
  year      = {2016},
}
%Not in bib
@article{sait2006evolutionary,
  title={Evolutionary algorithms for VLSI multi-objective netlist partitioning},
  author={S. M. Sait, A. H. El-Maleh and R. H. Al-Abaji},
  author={Sait, Sadiq M and El-Maleh, Aiman H and Al-Abaji, Raslan H},
  journal={Engineering applications of artificial intelligence},
  volume={19},
  number={3},
  pages={257--268},
  year={2006},
  publisher={Elsevier}
}

% Not in bib (not cited)
@inproceedings{bouloutas1989some,
  title={Some graph partitioning problems and algorithms related to routing in large computer networks},
  author={Bouloutas, A and Gopal, Prabandham M},
  booktitle={Distributed Computing Systems, 1989., 9th International Conference on},
  pages={362--370},
  year={1989},
  organization={IEEE}
}

@inproceedings{saab1989evolution,
  author    = {Y. Saab and
               V. B. Rao},
  title     = {{An Evolution-Based Approach to Partitioning {ASIC} Systems}},
  booktitle = {Proceedings of the 26th {ACM/IEEE} Design Automation Conference},
  pages     = {767--770},
  year      = {1989},
  crossref  = {DBLP:conf/dac/1989}
}

@article{blickle1996comparison,
  author    = {Blickle, T. and
               Thiele, L.},
  title     = {{A Comparison of Selection Schemes used in Evolutionary Algorithms}},
  journal   = {Evolutionary Computation},
  volume    = {4},
  number    = {4},
  pages     = {361--394},
  year      = {1996},
}

@INPROCEEDINGS{delling2011graph,
        AUTHOR    = {D. Delling and A. V. Goldberg and I. Razenshteyn and R. F. Werneck},
        TITLE     = {{Graph Partitioning with Natural Cuts}},
        BOOKTITLE = {Proceedings of the 25th International Parallel and Distributed Processing Symposium},
        KEY       = {IPDPS'11},
        pages     = {1135--1146},
        YEAR      = {2011}
}

@inproceedings{wichlund1998multilevel,
  author    = {S. Wichlund and E. Aas},
  title     = {{On Multilevel Circuit Partitioning}},
  booktitle = {Proceedings of the{IEEE/ACM} International Conference on Computer-Aided
               Design ({ICCAD})},
  pages     = {505--511},
  year      = {1998}
}

% Not in bib (done)
@article{chen2012large,
  title={A large population size can be unhelpful in evolutionary algorithms},
  author={T. Chen, K. Tang, G. Chen and X. Yao},
  journal={Theoretical Computer Science},
  volume={436},
  pages={54--70},
  year={2012},
  publisher={Elsevier}
}

@inproceedings{armstrong2010investigation,
  author    = {E. Armstrong and
               G. W. Grewal and
               S. Areibi and
               G. Darlington},
  title     = {{An investigation of parallel memetic algorithms for {VLSI} circuit
               partitioning on multi-core computers}},
  booktitle = {Proceedings of the 23rd Canadian Conference on Electrical and Computer
               Engineering, {CCECE}},
  pages     = {1--6},
  year      = {2010},
  crossref  = {DBLP:conf/ccece/2010}
}


@Inbook{kim2004hybrid,
author="Kim, J.-P.
and Kim, Y.-H.
and Moon, B.-R.",
title= {{A Hybrid Genetic Approach for Circuit Bipartitioning}},
bookTitle={{Genetic and Evolutionary Computation (GECCO)}},
year="2004",
publisher="Springer",
pages="1054--1064"
}

@article{kim2004lock,
  author    = {Y.{-}H. Kim and
               B. R. Moon},
  title     = {{Lock-Gain Based Graph Partitioning}},
  journal   = {Journal of Heuristics},
  volume    = {10},
  number    = {1},
  pages     = {37--57},
  year      = {2004}
}


@INPROCEEDINGS{areibi2000integrated,
    author = {S. Areibi},
    title = {{An Integrated Genetic Algorithm With Dynamic Hill Climbing for VLSI Circuit Partitioning}},
    booktitle = {Genetic and Evolutionary Computation Conference (GECCO)},
    year = {2000},
     pages     = {97--102},
}

@ARTICLE{sanchis1989multiple, 
author={Sanchis, L. A.}, 
journal={IEEE Transactions on Computers}, 
title={{Multiple-way Network Partitioning}}, 
year={1989}, 
volume={38}, 
number={1}, 
pages={62-81}
}

%Not in bib (done)
@article{chan1995systolic,
  title={A systolic architecture for high speed hypergraph partitioning using a genetic algorithm},
  author={H. Chan and P. Mazumder},
  journal={Progress in evolutionary computation},
  pages={109--126},
  year={1995},
  publisher={Springer}
}

@inproceedings{bui1994fast,
  author    = {Bui, T. N. and
               Moon, B. R.},
  title     = {{A Fast and Stable Hybrid Genetic Algorithm for the Ratio-Cut Partitioning
               Problem on Hypergraphs}},
  booktitle = {Proceedings of the 31st Conference on Design Automation},
  pages     = {664--669},
  year      = {1994},
}

@INPROCEEDINGS{fiduccia1988linear, 
author={Fiduccia, C.M. and Mattheyses, R.M.}, 
booktitle={19th Conference on Design Automation}, 
title={A Linear-Time Heuristic for Improving Network Partitions}, 
year={1982}, 
month={June}, 
pages={175-181}, 
ISSN={0146-7123},}

@Inbook{hulin1990circuit,
author="Hulin, M.",
title="Circuit partitioning with genetic algorithms using a coding scheme to preserve the structure of a circuit",
bookTitle="Proceedings of the 1st Workshop on Parallel Problem Solving from Nature",
year="1991",
publisher="Springer",
pages="75--79"
}


@ARTICLE{alpert1998multilevel, 
author={Alpert, C. J. and J.-H. Huang and Kahng, A. B.}, 
journal={IEEE Transactions on Computer-Aided Design of Integrated Circuits and Systems}, 
title={{Multilevel Circuit Partitioning}}, 
year={1998}, 
volume={17}, 
number={8}, 
pages={655-667}, 
}

@article{kabiljo2017social,
archivePrefix = {arXiv},
arxivId = {1707.06665},
author = {Kabiljo, I. and Karrer, B. and Pundir, M. and Pupyrev, S. and Shalita, A. and Presta, A. and Akhremtsev, Y.},
eprint = {1707.06665},
pages = {1--23},
title = {{Social Hash Partitioner: A Scalable Distributed Hypergraph Partitioner}},
year = {2017}
}

@article{vastenhouw2005two,
 author = {Vastenhouw, B. and Bisseling, R. H.},
 title = {{A Two-Dimensional Data Distribution Method for Parallel Sparse Matrix-Vector  Multiplication}},
 journal = {SIAM Review},
 issue_date = {2005},
 volume = {47},
 number = {1},
 year = {2005},
 issn = {0036-1445},
 pages = {67--95},
 numpages = {29},
 acmid = {1055397},
}

@inproceedings{devine2006parallel,
 author = {Devine, K. D. and Boman, E. G. and Heaphy, R. T. and Bisseling, R. H. and Cataly{\"u}rek, {\"{U}}. V.},
 title = {{Parallel Hypergraph Partitioning for Scientific Computing}},
 booktitle = {20th International Conference on Parallel and Distributed Processing},
 series = {IPDPS},
 year = {2006},
 isbn = {1-4244-0054-6},
 location = {Rhodes Island, Greece},
 pages = {124--124},
 numpages = {1},
 acmid = {1899056},
 publisher = {IEEE},
}

@inproceedings{karypis2000multilevel,
 author = {Karypis, G. and Kumar, V.},
 title = {{Multilevel $K$-way Hypergraph Partitioning}},
 booktitle = {Proceedings of the 36th ACM/IEEE Design Automation Conference},
 year = {1999},
 isbn = {1-58113-109-7},
 location = {New Orleans, Louisiana, USA},
 pages = {343--348},
 numpages = {6},
 acmid = {309954},
 publisher = {ACM}
} 

@article{aykanat2008multi,
 author = {Aykanat, C. and Cambazoglu, B. B. and U\c{c}ar, B. },
 title = {{Multi-level Direct K-way Hypergraph Partitioning with Multiple Constraints and Fixed Vertices}},
 journal = {Journal of Parallel and Distributed Computing},
 issue_date = {May, 2008},
 volume = {68},
 number = {5},
 year = {2008},
 issn = {0743-7315},
 pages = {609--625},
 numpages = {17},
 acmid = {1360734},
 publisher = {Academic Press, Inc.},
 address = {Orlando, FL, USA}
}

@article{alpert1995recent,
  Author = {Alpert, C. J. and Kahng, A. B. },
  Issn = {0167-9260},
  Journal = {{Integration, the VLSI Journal}},
  Number = {1--2},
  Pages = {1 - 81},
  Title = {{Recent Directions in Netlist Partitioning: a Survey}},
  Volume = {19},
  Year = {1995}
}

@book{bader2013graph,
  title={Graph partitioning and graph clustering},
  author={Bader, D. A. and Meyerhenke, H. and Sanders, P. and Wagner, D.},
  volume={588},
  year={2013},
  publisher={American Mathematical Soc.}
}

@incollection{papa2007hypergraph,
  author    = {Papa, D. A. and Markov, I. L.},
  title     = {{Hypergraph Partitioning and Clustering}},
  booktitle = {{Handbook of Approximation Algorithms and Metaheuristics.}},
  year      = {2007},
  crossref  = {DBLP:reference/crc/2007aam},
  timestamp = {Tue, 02 Jun 2015 10:52:06 +0200},
}

@phdthesis{trifunovic2006parallel,
  title={Parallel algorithms for hypergraph partitioning},
  author={Trifunovic, A.},
  year={2006},
  school={University of London}
}
%Not in bib (done)
@inproceedings{holtgrewe2010engineering,
  title={Engineering a scalable high quality graph partitioner},
  author={M. Holtgrewe, P. Sanders and C. Schulz},
  booktitle={IEEE International Symposium on Parallel & Distributed Processing (IPDPS)},
  pages={1--12},
  year={2010},
}

@inproceedings{alpert1998ispd98,
 author = {Alpert, C. J.},
 title = {{The ISPD98 Circuit Benchmark Suite}},
 booktitle = {Proceedings of the 1998 International Symposium on Physical Design},
 year = {1998},
 isbn = {1-58113-021-X},
 location = {Monterey, California, USA},
 pages = {80--85},
 numpages = {6},
 acmid = {274546},
 publisher = {ACM},
}

@article{davis2011university,
 author = {Davis, T. A. and Hu, Y.},
 title = {{The University of Florida Sparse Matrix Collection}},
 journal = {ACM Transactions on Mathematical Software},
 issue_date = {November 2011},
 volume = {38},
 number = {1},
 year = {2011},
 issn = {0098-3500},
 pages = {1:1--1:25},
 articleno = {1},
 numpages = {25},
 acmid = {2049663},
 publisher = {ACM},
 address = {New York, NY, USA},
 keywords = {Graph drawing, multilevel algorithms, performance evaluation, sparse matrices},
}

@inproceedings{viswanathan2012dac,
 author = {Viswanathan, N. and Alpert, C. and Sze, C. and Li, Z. and Wei, Y.},
 title = {{The DAC 2012 Routability-driven Placement Contest and Benchmark Suite}},
 booktitle = {49th Annual Design Automation Conference},
 series = {DAC},
 year = {2012},
 isbn = {978-1-4503-1199-1},
 pages = {774--782},
 numpages = {9},
 acmid = {2228500},
 publisher = {ACM}
}

 @misc{belov2014proceedings,
   author = {Belov, A. and Diepold, D. and Heule, M. and J{\"{a}}rvisalo, M.},
   title = {{The SAT Competition 2014}},
   year = {2014},
   howpublished = {\url{http://www.satcompetition.org/2014/}}
 }

@techreport{moscato1989evolution,
  author = {Moscato, P.},
  institution = {California Institute of Technology},
  interhash = {11f24431550d9f578c99a34422645319},
  intrahash = {18302012af50e788fbfe1774282607bf},
  keywords = {imported},
  number = {C3P Report 826},
  timestamp = {2009-06-23T10:19:15.000+0200},
  title = {{On Evolution, Search, Optimization, Genetic Algorithms and Martial Arts: Towards Memetic Algorithms}},
  year = 1989
}

@article{wilcoxon1945individual,
 ISSN = {00994987},
 author = {F. Wilcoxon},
 journal = {Biometrics Bulletin},
 number = {6},
 pages = {80-83},
 publisher = {International Biometric Society},
 title = {{Individual Comparisons by Ranking Methods}},
 volume = {1},
 year = {1945}
}

@Inbook{cohoon2003evolutionary,
author="Cohoon, J.
and Kairo, J.
and Lienig, J.",
title={{Evolutionary Algorithms for the Physical Design of VLSI Circuits}},
bookTitle="Advances in Evolutionary Computing: Theory and Applications",
year="2003",
publisher="Springer",
pages="683--711"
}

